@misc{dua2019 ,
author = "Dua, Dheeru and Graff, Casey",
year = "2017",
title = "{UCI} Machine Learning Repository",
url = "http://archive.ics.uci.edu/ml",
institution = "University of California, Irvine, School of Information and Computer Sciences" }

@article{gasparetti2016, title={Modeling user interests from web browsing activities}, volume={31}, DOI={10.1007/s10618-016-0482-x}, number={2}, journal={Data Mining and Knowledge Discovery}, author={Gasparetti, Fabio}, year={2016}, pages={502–547}} 

@misc{thompson2017, title={All the news}, url={https://www.kaggle.com/datasets/snapcrack/all-the-news}, journal={Kaggle}, author={Thompson, Andrew}, year={2017}, month={Aug}} 

@article{loria2018,
  title={textblob Documentation},
  author={Loria, Steven},
  journal={Release 0.15},
  volume={2},
  year={2018}
}

@article{rozado2022, title={Longitudinal analysis of sentiment and emotion in news media headlines using automated labelling with Transformer language models}, volume={17}, DOI={10.1371/journal.pone.0276367}, number={10}, journal={PLOS ONE}, author={Rozado, David and Hughes, Ruth and Halberstadt, Jamin}, year={2022}} 

@article{luo2020, title={Identifying factors impacting entity sentiment analysis: A case study of sentiment analysis in the context of news reports}, volume={57}, DOI={10.1002/pra2.382}, number={1}, journal={Proceedings of the Association for Information Science and Technology}, author={Luo, Manman and Mu, Xiangming}, year={2020}, month={Oct}} 

@article{hansen2011, title={Good friends, bad news - affect and virality in Twitter}, DOI={10.1007/978-3-642-22309-9_5}, journal={Communications in Computer and Information Science}, author={Hansen, Lars Kai and Arvidsson, Adam and Nielsen, Finn Aarup and Colleoni, Elanor and Etter, Michael}, year={2011}, month={Jan}, pages={34–43}} 

@article{aldous2022, title={What really matters?: Characterising and predicting user engagement of news postings using multiple platforms, sentiments and topics}, volume={42}, DOI={10.1080/0144929x.2022.2030798}, number={5}, journal={Behaviour & Information Technology}, author={Aldous, Kholoud Khalil and An, Jisun and Jansen, Bernard J.}, year={2022}, pages={545–568}} 

@article{devlin2019, title={BERT: Pre-training of Deep Bidirectional Transformers for Language Understanding}, author={Devlin, Chang, Lee, Toutanova}, year={2019}}